<record><leader>00000cas a22000007a 4500</leader><controlfield tag="001">22736695</controlfield><controlfield tag="008">901126d18851891nyuwr ne      0    0eng d</controlfield><datafield ind1=" " ind2=" " tag="010"><subfield code="a">sn 90066334 </subfield></datafield><datafield ind1=" " ind2=" " tag="040"><subfield code="a">NYS</subfield><subfield code="b">eng</subfield><subfield code="c">NYS</subfield><subfield code="d">OCLCQ</subfield></datafield><datafield ind1=" " ind2=" " tag="042"><subfield code="a">msc</subfield></datafield><datafield ind1="0" ind2=" " tag="130"><subfield code="a">Kingston weekly freeman and journal (Kingston, N.Y. : 1885)</subfield></datafield><datafield ind1="1" ind2="4" tag="245"><subfield code="a">The Kingston weekly freeman and journal.</subfield></datafield><datafield ind1="1" ind2="3" tag="246"><subfield code="a">Freeman and journal</subfield></datafield><datafield ind1=" " ind2=" " tag="260"><subfield code="a">Kingston, N.Y. :</subfield><subfield code="b">Kingston Freeman Co.,</subfield><subfield code="c">1885-1891.</subfield></datafield><datafield ind1=" " ind2=" " tag="300"><subfield code="a">6 v. :</subfield><subfield code="b">ill. ;</subfield><subfield code="c">61 cm.</subfield></datafield><datafield ind1=" " ind2=" " tag="310"><subfield code="a">Weekly</subfield></datafield><datafield ind1="0" ind2=" " tag="362"><subfield code="a">New ser. vol. 6, no. 1 (Dec. 31, 1885)-new ser. v. 11, no. 53 (Dec. 31, 1891).</subfield></datafield><datafield ind1=" " ind2="4" tag="651"><subfield code="a">Kingston (N.Y.)</subfield><subfield code="v">Newspapers.</subfield></datafield><datafield ind1=" " ind2=" " tag="752"><subfield code="a">United States</subfield><subfield code="b">New York</subfield><subfield code="c">Ulster</subfield><subfield code="d">Kingston.</subfield></datafield><datafield ind1="0" ind2=" " tag="775"><subfield code="t">Kingston daily freeman</subfield><subfield code="w">(DLC)sn 85054405</subfield><subfield code="w">(OCoLC)11656172</subfield></datafield><datafield ind1="0" ind2="0" tag="780"><subfield code="t">Kingston journal and weekly freeman</subfield><subfield code="w">(DLC)sn 83031208</subfield><subfield code="w">(OCoLC)9823972</subfield></datafield><datafield ind1="0" ind2="0" tag="785"><subfield code="t">Weekly freeman and journal</subfield><subfield code="w">(DLC)sn 83031210</subfield><subfield code="w">(OCoLC)9824056</subfield></datafield><datafield ind1="1" ind2=" " tag="029"><subfield code="a">AU@</subfield><subfield code="b">000025866340</subfield></datafield></record>